<?xml version="1.0" encoding="UTF-8"?><collection xmlns="http://www.loc.gov/MARC21/slim"><record><leader>00686nam--2200193-i-4500</leader><controlfield tag="001">000024501</controlfield><controlfield tag="002">20161230</controlfield><controlfield tag="005">20170113224649</controlfield><controlfield tag="008">060222s1000------------r-----000-0-eng-d</controlfield><datafield ind1=" " ind2=" " tag="040"><subfield code="a">IFIN-HH</subfield></datafield><datafield ind1=" " ind2=" " tag="080"><subfield code="a">533.9:539.17:621.039.6</subfield></datafield><datafield ind1="1" ind2=" " tag="100"><subfield code="a">Gormezano, C</subfield></datafield><datafield ind1="1" ind2="0" tag="245"><subfield code="a">Heating in toroidal plasmas III</subfield><subfield code="b">Proceedings of the 3rd Joint Grenoble - Varenna International Symposium, centre d'etudes nucleaires de Grenoble - France, 22 - 26 March 1982</subfield><subfield code="c">C. Gormezano, G.G. Leotta, E. Sindoni (Ed.)</subfield></datafield><datafield ind1=" " ind2=" " tag="260"><subfield code="a">Oxford</subfield><subfield code="b">Pergamon Press</subfield><subfield code="c">1982</subfield></datafield><datafield ind1=" " ind2=" " tag="300"><subfield code="a">3 volume</subfield></datafield><datafield ind1="1" ind2=" " tag="700"><subfield code="a">Sindoni, E</subfield></datafield><datafield ind1=" " ind2=" " tag="787"><subfield code="a">Vol. 3</subfield><subfield code="h">/435 p./832 p./1223 p</subfield></datafield><datafield ind1=" " ind2=" " tag="852"><subfield code="a">72126</subfield><subfield code="c">533.9</subfield></datafield><datafield ind1=" " ind2=" " tag="CAT"><subfield code="a">SYS</subfield><subfield code="c">20170113</subfield><subfield code="h">224649</subfield></datafield></record></collection>